<?xml version='1.0' encoding='UTF-8'?>
<record xmlns="http://www.loc.gov/MARC21/slim">
  <leader>02237cam a2200385 a 4500</leader>
  <controlfield tag="001">1027626</controlfield>
  <controlfield tag="003">NjP</controlfield>
  <controlfield tag="005">20171027100046.0</controlfield>
  <controlfield tag="008">951215s1984    ir       b   f100 0 ara d</controlfield>
  <datafield tag="024" ind1="7" ind2=" ">
    <subfield code="a">princeton_aco002669</subfield>
    <subfield code="2">local</subfield>
  </datafield>
  <datafield ind1=" " ind2=" " tag="035">
    <subfield code="a">(OCoLC)ocn176321584</subfield>
  </datafield>
  <datafield ind1=" " ind2=" " tag="035">
    <subfield code="a">(OCoLC)34094837</subfield>
  </datafield>
  <datafield ind1=" " ind2=" " tag="040">
    <subfield code="a">PUL</subfield>
    <subfield code="c">PUL</subfield>
    <subfield code="d">PUL</subfield>
  </datafield>
  <datafield ind1=" " ind2=" " tag="035">
    <subfield code="a">(OCoLC)176321584</subfield>
  </datafield>
  <datafield ind1=" " ind2=" " tag="035">
    <subfield code="a">(CStRLIN)NJPG95-B78999</subfield>
  </datafield>
  <datafield ind1=" " ind2=" " tag="035">
    <subfield code="9">CCA2008TS</subfield>
  </datafield>
  <datafield ind1=" " ind2=" " tag="035">
    <subfield code="a">(NjP)1027626</subfield>
  </datafield>
  <datafield ind1=" " ind2=" " tag="079">
    <subfield code="a">ocm34094837</subfield>
  </datafield>
  <datafield ind1=" " ind2=" " tag="049">
    <subfield code="a">PULL</subfield>
  </datafield>
  <datafield ind1="2" ind2=" " tag="111">
    <subfield code="6">880-01</subfield>
    <subfield code="a">Muʼtamar al-ʻĀlamī li-Aʼimmat al-Jumʻah wa-al-Jamāʻah</subfield>
    <subfield code="n">(2nd :</subfield>
    <subfield code="d">1984 :</subfield>
    <subfield code="c">Tehran, Iran)</subfield>
  </datafield>
  <datafield ind1="1" ind2="3" tag="245">
    <subfield code="6">880-02</subfield>
    <subfield code="a">al-Maqālāt wa-al-dirāsāt :</subfield>
    <subfield code="b">taqrīr ʻan al-maqālāt al-muqaddamah ilá al-Muʼtamar al- ʻĀlamī al-thānī li-Aʼimmat al-Jumʻah wa-al-Jamāʻah, al-taqrīr al-thālith /</subfield>
    <subfield code="c">[iʻdād Maktab al-Muʼtamar al-ʻĀlamī li-Aʼimmat al-Jumʻah wa-al-Jamāʻah]</subfield>
  </datafield>
  <datafield ind1=" " ind2=" " tag="250">
    <subfield code="6">880-03</subfield>
    <subfield code="a">al-Ṭabʻah 1.</subfield>
  </datafield>
  <datafield ind1=" " ind2=" " tag="260">
    <subfield code="6">880-04</subfield>
    <subfield code="a">[Tehran] :</subfield>
    <subfield code="b">Maṭbaʻat Wizārat al-Irshād al-Islāmīyah,</subfield>
    <subfield code="c">1405 [1985]</subfield>
  </datafield>
  <datafield ind1=" " ind2=" " tag="300">
    <subfield code="a">555 p. ;</subfield>
    <subfield code="c">24 cm.</subfield>
  </datafield>
  <datafield ind1=" " ind2=" " tag="500">
    <subfield code="6">880-05</subfield>
    <subfield code="a">At head of t.p.: Taqārīr al-Qism al-Thaqāfī. Muʼtamar al-ʻĀlamī li-Aʼimmat al-Jumʻah wa-al-Jamāʻah.</subfield>
  </datafield>
  <datafield ind1=" " ind2=" " tag="504">
    <subfield code="a">Includes bibliographical references.</subfield>
  </datafield>
  <datafield ind1=" " ind2="0" tag="650">
    <subfield code="a">Islam</subfield>
    <subfield code="x">Congresses.</subfield>
    <subfield code="0">http://id.loc.gov/authorities/subjects/sh2008104932</subfield>
  </datafield>
  <datafield ind1="2" ind2=" " tag="880">
    <subfield code="6">111-01/r</subfield>
    <subfield code="a">مؤتمر العالمي لائمة الجمعة والجماعة</subfield>
    <subfield code="n">(2nd :</subfield>
    <subfield code="d">1984 :</subfield>
    <subfield code="c">Tehran, Iran)</subfield>
  </datafield>
  <datafield ind1="1" ind2="2" tag="880">
    <subfield code="6">245-02/r</subfield>
    <subfield code="a">المقالات والدراسات :</subfield>
    <subfield code="b">تقرير عن المقالات المقدمة الى المؤتمر ال عالمي الثاني لائمة الجمعة والجماعة، التقرير الثالث /</subfield>
    <subfield code="c">[اعداد مكتب المؤتمر العالمي لائمة الجمعة والجماعة]</subfield>
  </datafield>
  <datafield ind1=" " ind2=" " tag="880">
    <subfield code="6">250-03/r</subfield>
    <subfield code="a">الطبعة 1.</subfield>
  </datafield>
  <datafield ind1=" " ind2=" " tag="880">
    <subfield code="6">260-04/r</subfield>
    <subfield code="a">[طهران] :</subfield>
    <subfield code="b">مطبعة وزارة الارشاد الاسلامية،</subfield>
    <subfield code="c">1405 [1985]</subfield>
  </datafield>
  <datafield ind1=" " ind2=" " tag="880">
    <subfield code="6">500-05/r</subfield>
    <subfield code="a">At head of t.p.: تقارير القسم الثقافي. مؤتمر العالمي لائمة الجمعة والجماعة.</subfield>
  </datafield>
  <datafield ind1=" " ind2=" " tag="998">
    <subfield code="a">01/16/96</subfield>
    <subfield code="s">9118</subfield>
    <subfield code="n">NjP</subfield>
    <subfield code="w">NJPG95B78999</subfield>
    <subfield code="d">12/15/95</subfield>
    <subfield code="c">AAH</subfield>
    <subfield code="b">AND</subfield>
    <subfield code="i">960116</subfield>
    <subfield code="l">NJPG</subfield>
  </datafield>
  <datafield ind1=" " ind2=" " tag="911">
    <subfield code="a">19960125</subfield>
  </datafield>
  <datafield ind1=" " ind2=" " tag="912">
    <subfield code="a">19960116000000.0</subfield>
  </datafield>
  <datafield ind1=" " ind2=" " tag="994">
    <subfield code="a">C0</subfield>
    <subfield code="b">PUL</subfield>
  </datafield>
  <datafield ind1=" " ind2=" " tag="999">
    <subfield code="a">1027626</subfield>
  </datafield>
  <datafield ind1="0" ind2="0" tag="852">
    <subfield code="0">1186556</subfield>
    <subfield code="b">rcppa</subfield>
    <subfield code="t">1</subfield>
    <subfield code="h">BP15</subfield>
    <subfield code="i">.M873 1984</subfield>
    <subfield code="x">tr fr arab</subfield>
  </datafield>
  <datafield ind1=" " ind2=" " tag="959">
    <subfield code="a">2000-06-13 00:00:00 -0500</subfield>
  </datafield>
</record>
